@article{info_nce,
    author    = {van den Oord, Aaron and Li, Yazhe and Vinyals, Oriol},
    title     = {Representation Learning with Contrastive Predictive Coding},
    journal   = {CoRR},
    volume    = {abs/1807.03748},
    year      = {2018},
}
